% This file was created with JabRef 2.5.
% Encoding: UTF-8
% See the "IEEEtran_bst_HOWTO.pdf" manual for usage information.

@BOOK{msp430,
  title = {MSP430 Microcontroller Basics},
  publisher = {1rd},
  editor = {Editora Newnes},
  author = {Jonh Davies},
  owner = {luiz},
  timestamp = {2012.01.09},
  year = 2001
}

@www{ti_exemplos,
      title  = "MSP430G2x53, MSP430G2x33, MSP430G2x13, MSP430G2x03 Code Examples (Rev. A)",
      author = "Texas\_Instruments",
      urlaccessdate = "\today",
      url    = "http://www.ti.com/litv/zip/slac485a"
}

@www{dsl,
      title  = "Damn Small Linux - Not! - Forum",
      author = "Damn Small Linux",
      timestamp = {2012.01.09},
      urlaccessdate = "\today",
      url= "http://www.damnsmalllinux.org/dsl-n/f/"
    }
    
@www{ddsl,
      title  = "Damn Small Linux",
      crossref ="dsl",
      url= "http://www.damnsmalllinux.org/"
    }

@www{valgrind,
      title  = "Valgrind - Manual",
      author = "The Valgrind developers and  Andres Roldan",
      timestamp = {2012.01.09},
      urlaccessdate = "\today",
      url= "http://www.valgrind.org/docs/manual/index.html"
    }

@www{dossier,
      title  = "The Pac-Man Dossier",
      author = "Jamey Pittman",
      timestamp = {2011.06.16},
      urlaccessdate = "\today",
      url= "http://home.comcast.net/~jpittman2/pacman/pacmandossier.html"
    }

@www{algrithm,
      title  = "Perfect Maze Creation Algorithms",
      author = "Walter D. Pullen",
      timestamp = {2011.01.24},
      urlaccessdate = "\today",
      url= "http://www.astrolog.org/labyrnth/algrithm.htm"
    }
    
@www{arduino_code,
      title  = "Arduino",
      author = "Arduino Team",
      timestamp = {2012.09.16},
      urlaccessdate = "23 de fevereiro de 2013",
      url= "http://www.arduino.cc/"
    }    

@www{textile,
      title  = "Textile 2 - Documentation",
      author = "Movable Type",
      timestamp = {2007},
      urlaccessdate = "\today",
      url= "http://www.movabletype.org/documentation/author/textile-2-syntax.html"
    }    



@www{python,
      title  = "Maze generation algorithm",
      author = "Wikipedia and Nathaniel Johnston",
      timestamp = {2010.08.21},
      urlaccessdate = "\today",
      url= "\url{http://en.wikipedia.org/wiki/Maze_generation_algorithm}"
    }

@www{ruby,
      title  = "An implementation of the Growing Tree algorithm for maze generation.",
      author = "Jamis Buck",
      timestamp = {2010},
      urlaccessdate = "\today",
      url= "https://gist.github.com/760749"
    }


@www{pinkybug,
      title  = "Why do Pinky and Inky have different behaviors when Pac-Man is facing up?",
      author = "Don Hodges",
      timestamp = {2008.12.30},
      urlaccessdate = "\today",
      url= "http://donhodges.com/pacman_pinky_explanation.htm"
    }

@manual{Advpdf,
	title = "Advanced Linux Programming",
	author = "Mark Mitchell and Jeffrey Oldham and Alex Samuel",
	publisher = "David Dwyer",
	language = "English",
	year= 2001
	}

@manual{thepdf,
	title = "The Linux Programming Interface",
	author = "Michael KerrisK",
	Publisher = "William Pollock",
	year = 2010,
	organization = "No Starch Press Inc."
	}
